<?xml version='1.0' encoding='utf-8'?>
<record xmlns="http://www.loc.gov/MARC21/slim" xmlns:xsi="http://www.w3.org/2001/XMLSchema-instance">
  <leader>^^^^^cam^a22002891u^4500</leader>
  <controlfield tag="001">003929672</controlfield>
  <controlfield tag="005">19971115000000.0</controlfield>
  <controlfield tag="008">950925s1951^^^^miu^^^^^^b^^^^100^0^eng^x</controlfield>
  <datafield tag="010" ind1=" " ind2=" ">
    <subfield code="a">51062311</subfield>
  </datafield>
  <datafield tag="035" ind1=" " ind2=" ">
    <subfield code="a">(CaOTULAS)176156108</subfield>
  </datafield>
  <datafield tag="035" ind1=" " ind2=" ">
    <subfield code="a">(SAZTEC)070203550</subfield>
  </datafield>
  <datafield tag="035" ind1=" " ind2=" ">
    <subfield code="9">(UL)AEY3038</subfield>
  </datafield>
  <datafield tag="035" ind1=" " ind2=" ">
    <subfield code="a">(OCoLC)509915</subfield>
  </datafield>
  <datafield tag="040" ind1=" " ind2=" ">
    <subfield code="c">CU-AL</subfield>
    <subfield code="d">CU-AL</subfield>
    <subfield code="d">CStclU-L</subfield>
    <subfield code="d">IaU-L</subfield>
    <subfield code="d">PU-L</subfield>
    <subfield code="d">MiU-H</subfield>
  </datafield>
  <datafield tag="082" ind1="0" ind2=" ">
    <subfield code="a">341.598</subfield>
  </datafield>
  <datafield tag="111" ind1="2" ind2=" ">
    <subfield code="a">Summer Institute on International and Comparative Law</subfield>
    <subfield code="d">(1949 :</subfield>
    <subfield code="c">University of Michigan)</subfield>
  </datafield>
  <datafield tag="245" ind1="1" ind2="0">
    <subfield code="a">Lectures on the conflict of laws and international contracts :</subfield>
    <subfield code="b">delivered at the Summer Institute on International and Comparative Law, University of Michigan Law School, August 5-10, 1949 /</subfield>
    <subfield code="c">foreword by Hessel E. Yntema.</subfield>
  </datafield>
  <datafield tag="260" ind1=" " ind2=" ">
    <subfield code="a">Ann Arbor :</subfield>
    <subfield code="b">University of Michigan Law School,</subfield>
    <subfield code="c">1951.</subfield>
  </datafield>
  <datafield tag="300" ind1=" " ind2=" ">
    <subfield code="a">xiv, 200 p. ;</subfield>
    <subfield code="c">25 cm</subfield>
  </datafield>
  <datafield tag="500" ind1=" " ind2=" ">
    <subfield code="a">Title on spine: Conflict of laws and international contracts.</subfield>
  </datafield>
  <datafield tag="504" ind1=" " ind2=" ">
    <subfield code="a">Includes bibliographical references.</subfield>
  </datafield>
  <datafield tag="580" ind1=" " ind2=" ">
    <subfield code="a">Forms part of the University of Michigan. Law School. Publications, 1859-&lt;ongoing&gt;.</subfield>
  </datafield>
  <datafield tag="650" ind1=" " ind2="0">
    <subfield code="a">Conflict of laws</subfield>
    <subfield code="x">Contracts</subfield>
    <subfield code="v">Congresses.</subfield>
  </datafield>
  <datafield tag="710" ind1="2" ind2=" ">
    <subfield code="a">University of Michigan.</subfield>
    <subfield code="b">Law School.</subfield>
  </datafield>
  <datafield tag="773" ind1="1" ind2=" ">
    <subfield code="a">University of Michigan</subfield>
    <subfield code="t">Law School (University of Michigan) publications</subfield>
    <subfield code="w">BAE8921</subfield>
  </datafield>
  <datafield tag="852" ind1="8" ind2=" ">
    <subfield code="a">MiU-H</subfield>
    <subfield code="b">BENT</subfield>
    <subfield code="h">9784 Bimu C61 2</subfield>
  </datafield>
  <datafield tag="997" ind1=" " ind2=" ">
    <subfield code="a">MARS</subfield>
  </datafield>
  <datafield tag="998" ind1=" " ind2=" ">
    <subfield code="c">MLJ</subfield>
    <subfield code="s">9662</subfield>
  </datafield>
  <datafield tag="LKR" ind1=" " ind2=" ">
    <subfield code="a">UP</subfield>
    <subfield code="b">003948250</subfield>
    <subfield code="l">MIU01</subfield>
    <subfield code="r">773</subfield>
    <subfield code="m">Lectures on the conflict of laws and international contracts : delivered at the Summer Institute on International and Comparative Law, University of Michigan Law School, August 5-10, 1949 /</subfield>
    <subfield code="n">[Law School (University of Michigan) publications].</subfield>
  </datafield>
  <datafield tag="955" ind1=" " ind2=" ">
    <subfield code="b">BENT</subfield>
    <subfield code="p">B1677321</subfield>
  </datafield>
</record>
